% TEMPLATE
@article{einstein,
    author =       "Albert Einstein",
    title =        "{Zur Elektrodynamik bewegter K{\"o}rper}. ({German})
    [{On} the electrodynamics of moving bodies]",
    journal =      "Annalen der Physik",
    volume =       "322",
    number =       "10",
    pages =        "891--921",
    year =         "1905",
    DOI =          "http://dx.doi.org/10.1002/andp.19053221004",
    keywords =     "physics"
}
 
@book{dirac,
    title={The Principles of Quantum Mechanics},
    author={Paul Adrien Maurice Dirac},
    isbn={9780198520115},
    series={International series of monographs on physics},
    year={1981},
    publisher={Clarendon Press},
    keywords = {physics}
}
 
@online{knuthwebsite,
    author    = "Donald Knuth",
    title     = "Knuth: Computers and Typesetting",
    url       = "http://www-cs-faculty.stanford.edu/~uno/abcde.html",
    keywords  = "latex,knuth"
}
 
@inbook{knuth-fa,
    author = "Donald E. Knuth",
    title = "Fundamental Algorithms",
    publisher = "Addison-Wesley",
    year = "1973",
    chapter = "1.2",
    keywords  = "knuth,programming"
}

% OURS
@online{1,
    author = "Wikipedia",
    title = "Wikipedians",
    url = "https://en.wikipedia.org/wiki/Wikipedia:Wikipedians",
    year = "2001",
    note = "[En Línea]"
}

@online{2,
    author = "Wikipedia",
    title = "Statistics",
    url = "https://en.wikipedia.org/wiki/Special:Statistics",
    year = "2004",
    note = "[En Línea]"
}

@online{3,
    author = "Wikipedia",
    title = "Wiki",
    url = "https://en.wikipedia.org/wiki/Wiki",
    year = "2001",
    note = "[En Línea]"
}

@inbook{4,
    author = "R. D' Apuzzo, B. Worwa",
    title = "Métodos Y Técnicas Para El Cálculo Y Visualización De Métricas De Historiales En Artículos De Wikis",
    year = "2012",
}

@online{5,
    author = "J. Roy",
    title = "MongoDB: Characteristics and future. MongoDB Spain",
    url = "https://en.wikipedia.org/wiki/Wiki",
    year = "2014",
    note = "[En Línea]"
}

@article{6,
    author = "N. Lynch, S. Gilbert",
    title = "Brewer’s Conjecture and the Feasibility of Consistent, Available, Partition-Tolerant Web Services",
    year = "2002",
    journal = "ACM SIGACT News",
}

@online{7,
    author = "Wikipedia Foundation",
    title = "Terms of Use - Wikimedia Foundation",
    url = "https://wikimediafoundation.org/wiki/Terms_of_Use",
    year = "2014",  
}

@online{8,
    author = "Wikipedia Foundation",
    title = "API:Etiquette - MediaWiki",
    url = "https://www.mediawiki.org/wiki/API:Etiquette",
}

@online{9,
    author = "MongoDB Inc",
    title = "What is MongoDB?",
    url = "https://www.mongodb.com/what-is-mongodb",
}

@book{10,
    title={MongoDB Architecture Guide},
    author={MongoDB Inc},
    year={2017}
}

@online{11,
    author = "MongoDB Inc",
    title = "Replication",
    url = "https://docs.mongodb.com/manual/replication/",
}
@online{12,
    author = "MongoDB Inc",
    title = "Replica Set Elections",
    url = "https://docs.mongodb.com/manual/core/replica-set-elections/",
}

@online{13,
    author = "MongoDB Inc",
    title = "Sharding",
    url = "https://docs.mongodb.com/manual/sharding/",
}

@online{14,
    author = "Pivotal Software Inc.",
    title = "What can RabbitMQ do for you?",
    url = "https://www.rabbitmq.com/features.html",
}

@book{15,
    title={Arquitectura de computadores},
    author={Julio Ortega, Mancia Anguita, Alberto Prieto},
    isbn={9788497322744},
    year={2005},
}

@article{16,
    author =       "John O'Hara J",
    title =        "Queue - API Design",
    journal =      "ACM",
    volume =       "5",
    number =       "4",
    pages =        "48-55",
    year =         "2007",
}

@online{17,
    author = "MongoDB Inc",
    title = "PyMongo 3.5.1 documentation",
    url = "http://api.mongodb.org/python/current/tutorial.html",
}

@online{18,
    author = "Eric Lippert",
    title ={What is this thing you call "thread safe"?},
    url = "https://blogs.msdn.microsoft.com/ericlippert/2009/10/19/what-is-this-thing-you-call-thread-safe/",
    year = "2009"
}

@online{19,
    author = "Armin Ronacher",
    title ={Flask (A Python Microframework)},
    url = "http://flask.pocoo.org",
}

@online{20,
    author = "Armin Ronacher",
    title ={Design Decisions in Flask},
    url = "http://flask.pocoo.org/docs/0.11/design/#design",
}

@online{21,
    author = "Docker Inc",
    title ={What is Docker?},
    url = "https://www.docker.com/what-docker",
}

@online{22,
    author = "NGINX Inc",
    title ={NGINX REVERSE PROXY},
    url = "https://www.nginx.com/resources/admin-guide/reverse-proxy/",
}

